%================================================================
%------------------------- Books --------------------------------
%================================================================
@book{hastie:2009:elements,
    author = {Hastie, Trevor and Tibshirani, Robert and Friedman, Jerome},
	title = {The {Elements} of {Statistical} {Learning}},
	copyright = {http://www.springer.com/tdm},
	isbn = {978-0-387-84857-0 978-0-387-84858-7},
	url = {http://link.springer.com/10.1007/978-0-387-84858-7},
	urldate = {2024-09-10},
	publisher = {Springer New York},
	year = {2009},
	doi = {10.1007/978-0-387-84858-7},
}

@book{Goodfellow:2016:deep_learning,
    title   = {Deep Learning},
    author  = {Ian Goodfellow and Yoshua Bengio and Aaron Courville},
    publisher = {MIT Press},
    url     = {http://www.deeplearningbook.org},
    year    = {2016}
}


@book{raschka:2022:ml_pytorch_scikit,
	title  = {Machine learning with {PyTorch} and {Scikit}-{Learn}: develop machine learning and deep learning models with {Python}},
	author = {Raschka, Sebastian and Liu, Yuxi and Mirjalili, Vahid and Dzhulgakov, Dmytro},
    publisher = {Packt},
	year   = {2022},
}


%================================================================
%------------------------- Articles -----------------------------
%================================================================



%================================================================
%------------------------- Web pages ----------------------------
%================================================================



%================================================================
%------------------------- Misc ---------------------------------
%================================================================

}